
@misc{marteau,
author = "Jacques Marteau",
title = "{WA105 DAQ, data storage and handling}",
note="\url{https://indico.fnal.gov/getFile.py/access?contribId=61&sessionId=18&resId=0&materialId=slides&confId=10100}",
month="September",
year="2015",
}




@misc{xrootd,
title = "{XRootD, high performance, scalable fault tolerant access to data repositories}",
note="\url{http://xrootd.org/}",
}

@misc{data-scenarios,
author = "Brett Viren",
title = "\textit{ProtoDUNE/SP data scenarios (spreadsheet)}",
note = "\url{http://docs.dunescience.org:8080/cgi-bin/ShowDocument?docid=1086&version=5}"
}